% Encoding: UTF-8

@Article{Rakitsch2012,
  author    = {Rakitsch, Barbara and Lippert, Christoph and Stegle, Oliver and Borgwardt, Karsten},
  title     = {A Lasso multi-marker mixed model for association mapping with population structure correction},
  journal   = {Bioinformatics},
  year      = {2012},
  volume    = {29},
  number    = {2},
  pages     = {206--214},
  file      = {:C\:/Users/areisett/OneDrive - University of Iowa/DISSERTATION/references/bts669.pdf:PDF},
  publisher = {Oxford University Press},
}

@Article{Segura2012,
  author    = {Segura, Vincent and Vilhj{\'a}lmsson, Bjarni J and Platt, Alexander and Korte, Arthur and Seren, {\"U}mit and Long, Quan and Nordborg, Magnus},
  title     = {An efficient multi-locus mixed-model approach for genome-wide association studies in structured populations},
  journal   = {Nature genetics},
  year      = {2012},
  volume    = {44},
  number    = {7},
  pages     = {825},
  file      = {:https\://www.nature.com/articles/ng.2314.pdf:URL;:segura2012efficient - An Efficient Multi Locus Mixed Model Approach for Genome Wide Association Studies in Structured Populations.pdf:PDF},
  publisher = {Nature Publishing Group},
}

@Article{johnson2007adjusting,
  author    = {Johnson, W Evan and Li, Cheng and Rabinovic, Ariel},
  title     = {Adjusting batch effects in microarray expression data using empirical Bayes methods},
  journal   = {Biostatistics},
  year      = {2007},
  volume    = {8},
  number    = {1},
  pages     = {118--127},
  file      = {:kxj037.pdf:PDF},
  publisher = {Oxford University Press},
}

@Article{lee2017improved,
  author    = {Lee, Seunggeun and Sun, Wei and Wright, Fred A and Zou, Fei},
  title     = {An improved and explicit surrogate variable analysis procedure by coefficient adjustment},
  journal   = {Biometrika},
  year      = {2017},
  volume    = {104},
  number    = {2},
  pages     = {303--316},
  file      = {:asx018.pdf:PDF},
  publisher = {Oxford University Press},
}

@Article{engelhardt2010analysis,
  author    = {Engelhardt, Barbara E and Stephens, Matthew},
  title     = {Analysis of population structure: a unifying framework and novel methods based on sparse factor analysis},
  journal   = {PLoS genetics},
  year      = {2010},
  volume    = {6},
  number    = {9},
  pages     = {e1001117},
  file      = {:journal.pgen.1001117.PDF:PDF},
  publisher = {Public Library of Science},
}

@Article{pritchard2000inference,
  author    = {Pritchard, Jonathan K and Stephens, Matthew and Donnelly, Peter},
  title     = {Inference of population structure using multilocus genotype data},
  journal   = {Genetics},
  year      = {2000},
  volume    = {155},
  number    = {2},
  pages     = {945--959},
  file      = {:PritchardEtAl00.pdf:PDF},
  publisher = {Genetics Soc America},
}

@Article{balding1995method,
  author    = {Balding, David J and Nichols, Richard A},
  title     = {A method for quantifying differentiation between populations at multi-allelic loci and its implications for investigating identity and paternity},
  journal   = {Genetica},
  year      = {1995},
  volume    = {96},
  number    = {1-2},
  pages     = {3--12},
  file      = {:Balding-Nichols1995_Article_AMethodForQuantifyingDifferent.pdf:PDF},
  publisher = {Springer},
}

@Article{Ochoa2016,
  author    = {Ochoa, Alejandro and Storey, John D},
  title     = {FST and kinship for arbitrary population structures I: Generalized definitions},
  journal   = {bioRxiv},
  year      = {2016},
  pages     = {083915},
  file      = {:storey_ochoa_2016a.pdf:PDF},
  publisher = {Cold Spring Harbor Laboratory},
}

@Article{Ochoa2016a,
  author    = {Ochoa, Alejandro and Storey, John D},
  title     = {FST and kinship for arbitrary population structures II: Method of moments estimators},
  journal   = {bioRxiv},
  year      = {2016},
  pages     = {083923},
  file      = {:storey_ochoa_2016b.pdf:PDF},
  publisher = {Cold Spring Harbor Laboratory},
}

@Article{lippert2011fast,
  author    = {Lippert, Christoph and Listgarten, Jennifer and Liu, Ying and Kadie, Carl M and Davidson, Robert I and Heckerman, David},
  title     = {FaST linear mixed models for genome-wide association studies},
  journal   = {Nature methods},
  year      = {2011},
  volume    = {8},
  number    = {10},
  pages     = {833},
  note      = {*** Details of linear algebra and likelihood formulation used in Rakitsch 2014 paper. ***},
  file      = {:nmeth.1681.pdf:PDF},
  publisher = {Nature Publishing Group},
}

@Article{boyle2017expanded,
  author    = {Boyle, Evan A and Li, Yang I and Pritchard, Jonathan K},
  title     = {An expanded view of complex traits: from polygenic to omnigenic},
  journal   = {Cell},
  year      = {2017},
  volume    = {169},
  number    = {7},
  pages     = {1177--1186},
  file      = {:Boyle2017.pdf:PDF},
  publisher = {Elsevier},
}

@Article{maher2008personal,
  author    = {Maher, Brendan},
  title     = {Personal genomes: The case of the missing heritability},
  journal   = {Nature News},
  year      = {2008},
  volume    = {456},
  number    = {7218},
  pages     = {18--21},
  note      = {*** Conceptual basis for wanting to estimate heritability; challenges. ***},
  file      = {:missingheritability.pdf:PDF},
  publisher = {Nature Publishing Group},
}

@Article{Sillanpaeae2011,
  author    = {Sillanp{\"a}{\"a}, MJ},
  title     = {Overview of techniques to account for confounding due to population stratification and cryptic relatedness in genomic data association analyses},
  journal   = {Heredity},
  year      = {2011},
  volume    = {106},
  number    = {4},
  pages     = {511},
  note      = {*** Review paper, a little old. Decent background on stratification methods for correcting for population stratification and cryptic relatedness. Discusses advantages/disadvantages and cites further work in support. ***},
  publisher = {Nature Publishing Group},
}

@Article{hellwege2017population,
  author    = {Hellwege, Jacklyn N and Keaton, Jacob M and Giri, Ayush and Gao, Xiaoyi and Edwards, Digna R Velez and Edwards, Todd L},
  title     = {Population stratification in genetic association studies},
  journal   = {Current protocols in human genetics},
  year      = {2017},
  volume    = {95},
  number    = {1},
  pages     = {1--22},
  note      = {*** Review paper. Good definitions of global/local ancestry and description of historical and current methods. Describes and provides ranges for Fst. Describes many many software packages for estimating group membership. Provides good summary tables. ***},
  publisher = {Wiley Online Library},
}

@Article{Amin2007,
  author    = {Amin, Najaf and Van Duijn, Cornelia M and Aulchenko, Yurii S},
  title     = {A genomic background based method for association analysis in related individuals},
  journal   = {PloS one},
  year      = {2007},
  volume    = {2},
  number    = {12},
  pages     = {e1274},
  note      = {*** GRAMMAR-type residual correction method used for comparisons in ggmix paper ***},
  publisher = {Public Library of Science},
}

@Article{marees2018tutorial,
  author    = {Marees, Andries T and de Kluiver, Hilde and Stringer, Sven and Vorspan, Florence and Curis, Emmanuel and Marie-Claire, Cynthia and Derks, Eske M},
  title     = {A tutorial on conducting genome-wide association studies: Quality control and statistical analysis},
  journal   = {International journal of methods in psychiatric research},
  year      = {2018},
  volume    = {27},
  number    = {2},
  pages     = {e1608},
  note      = {*** Linux tutorial for genetic analysis. Great explanation of PLINK files and QC considerations for GWAS. ***},
  publisher = {Wiley Online Library},
}

@Article{hayes2009increased,
  author    = {Hayes, Ben John and Visscher, Peter M and Goddard, Michael E},
  title     = {Increased accuracy of artificial selection by using the realized relationship matrix},
  journal   = {Genetics research},
  year      = {2009},
  volume    = {91},
  number    = {1},
  pages     = {47--60},
  publisher = {Cambridge University Press},
}

@Article{yang2011gcta,
  author    = {Yang, Jian and Lee, S Hong and Goddard, Michael E and Visscher, Peter M},
  title     = {GCTA: a tool for genome-wide complex trait analysis},
  journal   = {The American Journal of Human Genetics},
  year      = {2011},
  volume    = {88},
  number    = {1},
  pages     = {76--82},
  note      = {*** Explains statistical details of GCTA and the GREML method. ***},
  publisher = {Elsevier},
}

@Article{price2006principal,
  author    = {Price, Alkes L and Patterson, Nick J and Plenge, Robert M and Weinblatt, Michael E and Shadick, Nancy A and Reich, David},
  title     = {Principal components analysis corrects for stratification in genome-wide association studies},
  journal   = {Nature genetics},
  year      = {2006},
  volume    = {38},
  number    = {8},
  pages     = {904},
  note      = {*** PCA to correct for population heterogeneity and EIGENSTRAT source paper. Seems to focus on case-control studies (?) is continuous phenotype extension in another paper (?) ***},
  publisher = {Nature Publishing Group},
}

@Article{wang2013analytical,
  author    = {Wang, Kai and Hu, Xijian and Peng, Yingwei},
  title     = {An analytical comparison of the principal component method and the mixed effects model for association studies in the presence of cryptic relatedness and population stratification},
  journal   = {Human heredity},
  year      = {2013},
  volume    = {76},
  number    = {1},
  pages     = {1--9},
  note      = {*** Kai wang paper, simplified univariate mixed model setting, establishing BLUE properties of mixed model estimated betas. ***},
  publisher = {Karger Publishers},
}

@Misc{hamer2000beware,
  author    = {Hamer, D and Sirota, Leo},
  title     = {Beware the chopsticks gene},
  year      = {2000},
  publisher = {Nature Publishing Group},
}

@Article{bonnet2015heritability,
  author    = {Bonnet, Anna and Gassiat, Elisabeth and L{\'e}vy-Leduc, C{\'e}line and others},
  title     = {Heritability estimation in high dimensional sparse linear mixed models},
  journal   = {Electronic Journal of Statistics},
  year      = {2015},
  volume    = {9},
  number    = {2},
  pages     = {2099--2129},
  note      = {*** Theoretical properties of heritability estimator in the context of population stratification. Views SNP effects as sparse random effects. Like GCTA but assuming not all SNPs are causal. Good indication of wherre this discrepancy between R-squared and ICC in fixed vs. random effects models is coming from. Some super theoretical asymptotic proofs. R package HiLMM will simulate genetic data and outcomes... but I think without population stratification. ***},
  publisher = {The Institute of Mathematical Statistics and the Bernoulli Society},
}

@Article{li2019reliable,
  author    = {Li, Xin and Wu, Dongya and Cui, Yue and Liu, Bing and Walter, Henrik and Schumann, Gunter and Li, Chong and Jiang, Tianzi},
  title     = {Reliable heritability estimation using sparse regularization in ultrahigh dimensional genome-wide association studies},
  journal   = {BMC bioinformatics},
  year      = {2019},
  volume    = {20},
  number    = {1},
  pages     = {219},
  note      = {*** Really good resolution of SNPs as fixed vs. random effects in the context of estimating heritability. Shows when the fixed vs. random estimates are equivalent. ***},
  publisher = {BioMed Central},
}

@Article{hoffman2013correcting,
  author    = {Hoffman, Gabriel E},
  title     = {Correcting for population structure and kinship using the linear mixed model: theory and extensions},
  journal   = {PloS one},
  year      = {2013},
  volume    = {8},
  number    = {10},
  pages     = {e75707},
  publisher = {Public Library of Science},
}

@Article{widmer2014further,
  author    = {Widmer, Christian and Lippert, Christoph and Weissbrod, Omer and Fusi, Nicolo and Kadie, Carl and Davidson, Robert and Listgarten, Jennifer and Heckerman, David},
  title     = {Further improvements to linear mixed models for genome-wide association studies},
  journal   = {Scientific reports},
  year      = {2014},
  volume    = {4},
  pages     = {6874},
  note      = {*** DON'T INCLUDE CAUSAL SNPS IN GRM ***},
  publisher = {Nature Publishing Group},
}

@Article{listgarten2012improved,
  author    = {Listgarten, Jennifer and Lippert, Christoph and Kadie, Carl M and Davidson, Robert I and Eskin, Eleazar and Heckerman, David},
  title     = {Improved linear mixed models for genome-wide association studies},
  journal   = {Nature methods},
  year      = {2012},
  volume    = {9},
  number    = {6},
  pages     = {525},
  note      = {*** DON'T INCLUDE CAUSAL SNPS IN GRM ***},
  publisher = {Nature Publishing Group},
}

@Article{sul2018population,
  author    = {Sul, Jae Hoon and Martin, Lana S and Eskin, Eleazar},
  title     = {Population structure in genetic studies: Confounding factors and mixed models},
  journal   = {PLoS genetics},
  year      = {2018},
  volume    = {14},
  number    = {12},
  pages     = {e1007309},
  note      = {*** great recent review describing population stratification as a confounder and how it is dealt with ***},
  file      = {:journal.pgen.1007309.pdf:PDF},
  publisher = {Public Library of Science San Francisco, CA USA},
}

@Article{yu2006unified,
  author    = {Yu, Jianming and Pressoir, Gael and Briggs, William H and Bi, Irie Vroh and Yamasaki, Masanori and Doebley, John F and McMullen, Michael D and Gaut, Brandon S and Nielsen, Dahlia M and Holland, James B and others},
  title     = {A unified mixed-model method for association mapping that accounts for multiple levels of relatedness},
  journal   = {Nature genetics},
  year      = {2006},
  volume    = {38},
  number    = {2},
  pages     = {203},
  note      = {*** Describes and writes out a model where there are multiple levels of relatedness - population structure and cryptic reltaedness. ***},
  file      = {:ng1702 (1).pdf:PDF},
  publisher = {Nature Publishing Group},
}

@Article{loh2015efficient,
  author    = {Loh, Po-Ru and Tucker, George and Bulik-Sullivan, Brendan K and Vilhjalmsson, Bjarni J and Finucane, Hilary K and Salem, Rany M and Chasman, Daniel I and Ridker, Paul M and Neale, Benjamin M and Berger, Bonnie and others},
  title     = {Efficient Bayesian mixed-model analysis increases association power in large cohorts},
  journal   = {Nature genetics},
  year      = {2015},
  volume    = {47},
  number    = {3},
  pages     = {284},
  note      = {*** Bayesian LMM. Fast, uses UK Biobank data. Doesn't assume sparsity or infintesimal model. ***},
  file      = {:ng.3190.pdf:PDF},
  publisher = {Nature Publishing Group},
}

@Article{vilhjalmsson2012nature,
  author    = {Vilhj{\'a}lmsson, Bjarni J and Nordborg, Magnus},
  title     = {The nature of confounding in genome-wide association studies},
  journal   = {Nature Reviews Genetics},
  year      = {2012},
  volume    = {14},
  number    = {1},
  pages     = {1},
  file      = {:C\:/Users/areisett/OneDrive - University of Iowa/DISSERTATION/references/nrg3382.pdf:PDF},
  publisher = {Nature Publishing Group},
}

@Article{barton2019population,
  author    = {Barton, Nick and Hermisson, Joachim and Nordborg, Magnus},
  title     = {Population Genetics: Why structure matters},
  journal   = {Elife},
  year      = {2019},
  volume    = {8},
  pages     = {e45380},
  file      = {:C\:/Users/areisett/OneDrive - University of Iowa/DISSERTATION/references/elife-45380-v1.pdf:PDF},
  publisher = {eLife Sciences Publications Limited},
}

@Article{liu2013penalized,
  author  = {Liu, Jin and Yang, Can and Shi, Xingjie and Li, Cong and Huang, Jian and Zhao, Hongyu and Ma, Shuangge},
  title   = {A penalized multi-trait mixed model for association mapping in pedigree-based GWAS},
  journal = {arXiv preprint arXiv:1305.4413},
  year    = {2013},
  file    = {:1305.4413.pdf:PDF},
}

@Article{bhatnagar2019simultaneous,
  author    = {Bhatnagar, Sahir R and Yang, Yi and Lu, Tianyuan and Schurr, Erwin and Loredo-Osti, JC and Forest, Marie and Oualkacha, Karim and Greenwood, Celia MT},
  title     = {Simultaneous SNP selection and adjustment for population structure in high dimensional prediction models},
  journal   = {bioRxiv},
  year      = {2019},
  pages     = {408484},
  file      = {:C\:/Users/areisett/OneDrive - University of Iowa/DISSERTATION/references/408484v4.full.pdf:PDF},
  publisher = {Cold Spring Harbor Laboratory},
}

@Article{guo2019combining,
  author    = {Guo, Yingjie and Wu, Chenxi and Guo, Maozu and Zou, Quan and Liu, Xiaoyan and Keinan, Alon},
  title     = {Combining Sparse Group Lasso and Linear Mixed Model Improves Power for Finding Genetic Variants Underlying Quantitative Traits},
  journal   = {Frontiers in genetics},
  year      = {2019},
  volume    = {10},
  pages     = {271},
  file      = {:C\:/Users/areisett/OneDrive - University of Iowa/DISSERTATION/references/fgene-10-00271.pdf:PDF},
  publisher = {Frontiers},
}

@Article{ochoa2019simulate,
  author = {Ochoa, Alejandro and Storey, John D},
  title  = {Simulate Admixed Populations with bnpsd},
  year   = {2019},
}

@Article{patterson2006population,
  author    = {Patterson, Nick and Price, Alkes L and Reich, David},
  title     = {Population structure and eigenanalysis},
  journal   = {PLoS genetics},
  year      = {2006},
  volume    = {2},
  number    = {12},
  pages     = {e190},
  file      = {:C\:/Users/areisett/OneDrive - University of Iowa/DISSERTATION/references/journal.pgen.0020190.PDF:PDF},
  publisher = {Public Library of Science},
}

@Article{zhao2018practical,
  author    = {Zhao, Huaqing and Mitra, Nandita and Kanetsky, Peter A and Nathanson, Katherine L and Rebbeck, Timothy R},
  title     = {A practical approach to adjusting for population stratification in genome-wide association studies: principal components and propensity scores (PCAPS)},
  journal   = {Statistical applications in genetics and molecular biology},
  year      = {2018},
  volume    = {17},
  number    = {6},
  file      = {:C\:/Users/areisett/OneDrive - University of Iowa/DISSERTATION/references/[Statistical Applications in Genetics and Molecular Biology] A practical approach to adjusting for population stratification in genome-wide association studies princip.pdf:PDF},
  publisher = {De Gruyter},
}

@Article{browning2011population,
  author    = {Browning, Sharon R and Browning, Brian L},
  title     = {Population structure can inflate SNP-based heritability estimates},
  journal   = {The American Journal of Human Genetics},
  year      = {2011},
  volume    = {89},
  number    = {1},
  pages     = {191--193},
  publisher = {Elsevier},
}

@Article{goddard2011response,
  author    = {Goddard, Michael E and Lee, S Hong and Yang, Jian and Wray, Naomi R and Visscher, Peter M},
  title     = {Response to browning and browning},
  journal   = {The American Journal of Human Genetics},
  year      = {2011},
  volume    = {89},
  number    = {1},
  pages     = {193--195},
  publisher = {Elsevier},
}

@Article{lawson2019population,
  author    = {Lawson, Daniel John and Davies, Neil Martin and Haworth, Simon and Ashraf, Bilal and Howe, Laurence and Crawford, Andrew and Hemani, Gibran and Smith, George Davey and Timpson, Nicholas John},
  title     = {Is population structure in the genetic biobank era irrelevant, a challenge, or an opportunity?},
  journal   = {Human genetics},
  year      = {2019},
  pages     = {1--19},
  file      = {:C\:/Users/areisett/OneDrive - University of Iowa/DISSERTATION/references/Lawson2020_Article_IsPopulationStructureInTheGene.pdf:PDF},
  publisher = {Springer},
}

@Article{steinsaltz2018statistical,
  author    = {Steinsaltz, David and Dahl, Andrew and Wachter, Kenneth W},
  title     = {Statistical properties of simple random-effects models for genetic heritability},
  journal   = {Electronic journal of statistics},
  year      = {2018},
  volume    = {12},
  number    = {1},
  pages     = {321},
  file      = {:C\:/Users/areisett/OneDrive - University of Iowa/DISSERTATION/references/nihms976779.pdf:PDF},
  publisher = {NIH Public Access},
}

@Article{yang2010common,
  author    = {Yang, Jian and Benyamin, Beben and McEvoy, Brian P and Gordon, Scott and Henders, Anjali K and Nyholt, Dale R and Madden, Pamela A and Heath, Andrew C and Martin, Nicholas G and Montgomery, Grant W and others},
  title     = {Common SNPs explain a large proportion of the heritability for human height},
  journal   = {Nature genetics},
  year      = {2010},
  volume    = {42},
  number    = {7},
  pages     = {565},
  file      = {:C\:/Users/areisett/OneDrive - University of Iowa/DISSERTATION/references/ng.610.pdf:PDF},
  publisher = {Nature Publishing Group},
}

@Article{zhang2015principal,
  author    = {Zhang, Yiwei and Pan, Wei},
  title     = {Principal component regression and linear mixed model in association analysis of structured samples: competitors or complements?},
  journal   = {Genetic epidemiology},
  year      = {2015},
  volume    = {39},
  number    = {3},
  pages     = {149--155},
  file      = {:C\:/Users/areisett/OneDrive - University of Iowa/DISSERTATION/references/Zhang_et_al-2015-Genetic_Epidemiology.pdf:PDF},
  publisher = {Wiley Online Library},
}

@Article{peterson2019genome,
  author    = {Peterson, Roseann E and Kuchenbaecker, Karoline and Walters, Raymond K and Chen, Chia-Yen and Popejoy, Alice B and Periyasamy, Sathish and Lam, Max and Iyegbe, Conrad and Strawbridge, Rona J and Brick, Leslie and others},
  title     = {Genome-wide association studies in ancestrally diverse populations: Opportunities, methods, pitfalls, and recommendations},
  journal   = {Cell},
  year      = {2019},
  file      = {:C\:/Users/areisett/OneDrive - University of Iowa/DISSERTATION/references/1-s2.0-S0092867419310025-main.pdf:PDF},
  publisher = {Elsevier},
}

@Article{devlin1999genomic,
  author    = {Devlin, Bernie and Roeder, Kathryn},
  title     = {Genomic control for association studies},
  journal   = {Biometrics},
  year      = {1999},
  volume    = {55},
  number    = {4},
  pages     = {997--1004},
  publisher = {Wiley Online Library},
}

@Article{bacanu2000power,
  author    = {Bacanu, Silviu-Alin and Devlin, B and Roeder, Kathryn},
  title     = {The power of genomic control},
  journal   = {The American Journal of Human Genetics},
  year      = {2000},
  volume    = {66},
  number    = {6},
  pages     = {1933--1944},
  publisher = {Elsevier},
}

@Article{wang2009testing,
  author    = {Wang, Kai},
  title     = {Testing for genetic association in the presence of population stratification in genome-wide association studies},
  journal   = {Genetic Epidemiology: The Official Publication of the International Genetic Epidemiology Society},
  year      = {2009},
  volume    = {33},
  number    = {7},
  pages     = {637--645},
  publisher = {Wiley Online Library},
}

@Article{pritchard1999use,
  author    = {Pritchard, Jonathan K and Rosenberg, Noah A},
  title     = {Use of unlinked genetic markers to detect population stratification in association studies},
  journal   = {The American Journal of Human Genetics},
  year      = {1999},
  volume    = {65},
  number    = {1},
  pages     = {220--228},
  publisher = {Elsevier},
}

@Article{pritchard2000association,
  author    = {Pritchard, Jonathan K and Stephens, Matthew and Rosenberg, Noah A and Donnelly, Peter},
  title     = {Association mapping in structured populations},
  journal   = {The American Journal of Human Genetics},
  year      = {2000},
  volume    = {67},
  number    = {1},
  pages     = {170--181},
  publisher = {Elsevier},
}

@Article{campbell2005demonstrating,
  author    = {Campbell, Catarina D and Ogburn, Elizabeth L and Lunetta, Kathryn L and Lyon, Helen N and Freedman, Matthew L and Groop, Leif C and Altshuler, David and Ardlie, Kristin G and Hirschhorn, Joel N},
  title     = {Demonstrating stratification in a European American population},
  journal   = {Nature genetics},
  year      = {2005},
  volume    = {37},
  number    = {8},
  pages     = {868--872},
  publisher = {Nature Publishing Group},
}

@Article{xu2009genomic,
  author    = {Xu, Shuhua and Yin, Xianyong and Li, Shilin and Jin, Wenfei and Lou, Haiyi and Yang, Ling and Gong, Xiaohong and Wang, Hongyan and Shen, Yiping and Pan, Xuedong and others},
  title     = {Genomic dissection of population substructure of Han Chinese and its implication in association studies},
  journal   = {The American Journal of Human Genetics},
  year      = {2009},
  volume    = {85},
  number    = {6},
  pages     = {762--774},
  publisher = {Elsevier},
}

@Article{chen2009genetic,
  author    = {Chen, Jieming and Zheng, Houfeng and Bei, Jin-Xin and Sun, Liangdan and Jia, Wei-hua and Li, Tao and Zhang, Furen and Seielstad, Mark and Zeng, Yi-Xin and Zhang, Xuejun and others},
  title     = {Genetic structure of the Han Chinese population revealed by genome-wide SNP variation},
  journal   = {The American Journal of Human Genetics},
  year      = {2009},
  volume    = {85},
  number    = {6},
  pages     = {775--785},
  publisher = {Elsevier},
}

@Article{haworth2019apparent,
  author    = {Haworth, Simon and Mitchell, Ruth and Corbin, Laura and Wade, Kaitlin H and Dudding, Tom and Budu-Aggrey, Ashley and Carslake, David and Hemani, Gibran and Paternoster, Lavinia and Smith, George Davey and others},
  title     = {Apparent latent structure within the UK Biobank sample has implications for epidemiological analysis},
  journal   = {Nature communications},
  year      = {2019},
  volume    = {10},
  number    = {1},
  pages     = {1--9},
  publisher = {Nature Publishing Group},
}

@Book{efron2016computer,
  author    = {Efron, Bradley and Hastie, Trevor},
  title     = {Computer age statistical inference},
  year      = {2016},
  volume    = {5},
  publisher = {Cambridge University Press},
  chapter   = {13},
  pages     = {256-251},
}

@Article{tibshirani1996regression,
  author    = {Tibshirani, Robert},
  title     = {Regression shrinkage and selection via the lasso},
  journal   = {Journal of the Royal Statistical Society: Series B (Methodological)},
  year      = {1996},
  volume    = {58},
  number    = {1},
  pages     = {267--288},
  publisher = {Wiley Online Library},
}

@Article{kang2010variance,
  author    = {Kang, Hyun Min and Sul, Jae Hoon and Service, Susan K and Zaitlen, Noah A and Kong, Sit-yee and Freimer, Nelson B and Sabatti, Chiara and Eskin, Eleazar and others},
  title     = {Variance component model to account for sample structure in genome-wide association studies},
  journal   = {Nature genetics},
  year      = {2010},
  volume    = {42},
  number    = {4},
  pages     = {348},
  publisher = {Nature Publishing Group},
}

@Article{kang2008efficient,
  author    = {Kang, Hyun Min and Zaitlen, Noah A and Wade, Claire M and Kirby, Andrew and Heckerman, David and Daly, Mark J and Eskin, Eleazar},
  title     = {Efficient control of population structure in model organism association mapping},
  journal   = {Genetics},
  year      = {2008},
  volume    = {178},
  number    = {3},
  pages     = {1709--1723},
  publisher = {Genetics Soc America},
}

@Article{cevid2018spectral,
  author  = {{\'C}evid, Domagoj and B{\"u}hlmann, Peter and Meinshausen, Nicolai},
  title   = {Spectral Deconfounding via Perturbed Sparse Linear Models},
  journal = {arXiv preprint arXiv:1811.05352},
  year    = {2018},
  note    = {*** DESCRIBES CONFOUNDING MODEL VIA SEM ***},
}

@Article{zhao2007arabidopsis,
  author    = {Zhao, Keyan and Aranzana, Mar{\'\i}a Jos{\'e} and Kim, Sung and Lister, Clare and Shindo, Chikako and Tang, Chunlao and Toomajian, Christopher and Zheng, Honggang and Dean, Caroline and Marjoram, Paul and others},
  title     = {An Arabidopsis example of association mapping in structured samples},
  journal   = {PLoS genetics},
  year      = {2007},
  volume    = {3},
  number    = {1},
  publisher = {Public Library of Science},
}

@Article{prive2018efficient,
  author    = {Priv{\'e}, Florian and Aschard, Hugues and Ziyatdinov, Andrey and Blum, Michael GB},
  title     = {Efficient analysis of large-scale genome-wide data with two R packages: bigstatsr and bigsnpr},
  journal   = {Bioinformatics},
  year      = {2018},
  volume    = {34},
  number    = {16},
  pages     = {2781--2787},
  publisher = {Oxford University Press},
}

@Article{qian2019fast,
  author    = {Qian, Junyang and Du, Wenfei and Tanigawa, Yosuke and Aguirre, Matthew and Tibshirani, Robert and Rivas, Manuel A and Hastie, Trevor},
  title     = {A Fast and Flexible Algorithm for Solving the Lasso in Large-scale and Ultrahigh-dimensional Problems},
  journal   = {BioRxiv},
  year      = {2019},
  pages     = {630079},
  publisher = {Cold Spring Harbor Laboratory},
}

@Article{ncvreg,
  author  = {Patrick Breheny and Jian Huang},
  title   = {Coordinate descent algorithms for nonconvex penalized regression, with applications to biological feature selection},
  number  = {1},
  pages   = {232--253},
  volume  = {5},
  journal = {Annals of Applied Statistics},
  year    = {2011},
}

@Manual{ggmix,
  author = {Sahir Bhatnagar and Karim Oualkacha and Yi Yang and Celia Greenwood},
  title  = {ggmix: Variable Selection in Linear Mixed Models for SNP Data},
  note   = {R package version 0.0.2},
  url    = {https://github.com/sahirbhatnagar/ggmix},
  year   = {2020},
}

@Article{glmnet,
  author    = {Friedman, Jerome and Hastie, Trevor and Tibshirani, Rob},
  title     = {Regularization paths for generalized linear models via coordinate descent},
  number    = {1},
  pages     = {1},
  volume    = {33},
  journal   = {Journal of statistical software},
  publisher = {NIH Public Access},
  year      = {2010},
}

@Article{marchini2004effects,
  author    = {Marchini, Jonathan and Cardon, Lon R and Phillips, Michael S and Donnelly, Peter},
  title     = {The effects of human population structure on large genetic association studies},
  journal   = {Nature genetics},
  year      = {2004},
  volume    = {36},
  number    = {5},
  pages     = {512--517},
  publisher = {Nature Publishing Group},
}

@Article{wang2018multiplex,
  author    = {Wang, Haohan and Liu, Xiang and Xiao, Yunpeng and Xu, Ming and Xing, Eric P},
  title     = {Multiplex Confounding Factor Correction for Genomic Association Mapping with Squared Sparse Linear Mixed Model},
  journal   = {Methods (San Diego, Calif.)},
  year      = {2018},
  volume    = {145},
  pages     = {33},
  publisher = {NIH Public Access},
}

@Article{yang2014advantages,
  author    = {Yang, Jian and Zaitlen, Noah A and Goddard, Michael E and Visscher, Peter M and Price, Alkes L},
  title     = {Advantages and pitfalls in the application of mixed-model association methods},
  journal   = {Nature genetics},
  year      = {2014},
  volume    = {46},
  number    = {2},
  pages     = {100--106},
  publisher = {Nature Publishing Group},
}

@Article{ng2014smoking,
  author    = {Ng, Marie and Freeman, Michael K and Fleming, Thomas D and Robinson, Margaret and Dwyer-Lindgren, Laura and Thomson, Blake and Wollum, Alexandra and Sanman, Ella and Wulf, Sarah and Lopez, Alan D and others},
  title     = {Smoking prevalence and cigarette consumption in 187 countries, 1980-2012},
  number    = {2},
  pages     = {183--192},
  volume    = {311},
  journal   = {Jama},
  publisher = {American Medical Association},
  year      = {2014},
}

@Article{abdellaoui2013population,
  author    = {Abdellaoui, Abdel and Hottenga, Jouke-Jan and De Knijff, Peter and Nivard, Michel G and Xiao, Xiangjun and Scheet, Paul and Brooks, Andrew and Ehli, Erik A and Hu, Yueshan and Davies, Gareth E and others},
  title     = {Population structure, migration, and diversifying selection in the Netherlands},
  number    = {11},
  pages     = {1277--1285},
  volume    = {21},
  journal   = {European journal of human genetics},
  publisher = {Nature Publishing Group},
  year      = {2013},
}

@Article{greenland1999causal,
  author    = {Greenland, Sander and Pearl, Judea and Robins, James M},
  title     = {Causal diagrams for epidemiologic research},
  journal   = {Epidemiology},
  year      = {1999},
  pages     = {37--48},
  publisher = {JSTOR},
}

@Book{gibson2015primer,
  author    = {Gibson, Greg},
  title     = {A primer of human genetics},
  year      = {2015},
  publisher = {Sinauer Associates, Incorporated, Publishers},
}

@Article{thornton2015statistical,
  author    = {Thornton, Timothy A},
  title     = {Statistical methods for genome-wide and sequencing association studies of complex traits in related samples},
  journal   = {Current Protocols in Human Genetics},
  year      = {2015},
  volume    = {84},
  number    = {1},
  pages     = {1--28},
  publisher = {Wiley Online Library},
}

@Article{astle2009population,
  author    = {Astle, William and Balding, David J and others},
  title     = {Population structure and cryptic relatedness in genetic association studies},
  journal   = {Statistical Science},
  year      = {2009},
  volume    = {24},
  number    = {4},
  pages     = {451--471},
  publisher = {Institute of Mathematical Statistics},
}

@Book{tibayrenc2017genetics,
  author    = {Tibayrenc, Michel},
  title     = {Genetics and evolution of infectious diseases},
  year      = {2017},
  publisher = {Elsevier},
}

@Comment{jabref-meta: databaseType:biblatex;}
